<record><leader>00000cas a22000007a 4500</leader><controlfield tag="001">10419053</controlfield><controlfield tag="008">840215d18861887ksuwr ne      0   a0eng d</controlfield><datafield ind1=" " ind2=" " tag="010"><subfield code="a">sn 83041186 </subfield></datafield><datafield ind1=" " ind2=" " tag="040"><subfield code="a">KSH</subfield><subfield code="b">eng</subfield><subfield code="c">KSH</subfield><subfield code="d">NPT</subfield><subfield code="d">OCLCQ</subfield></datafield><datafield ind1=" " ind2=" " tag="042"><subfield code="a">msc</subfield></datafield><datafield ind1=" " ind2=" " tag="043"><subfield code="a">n-us-ks</subfield></datafield><datafield ind1="0" ind2="4" tag="245"><subfield code="a">The Protection press.</subfield></datafield><datafield ind1=" " ind2=" " tag="260"><subfield code="a">Protection, Kan. :</subfield><subfield code="b">Grove &amp; Diven,</subfield><subfield code="c">1886-1887.</subfield></datafield><datafield ind1=" " ind2=" " tag="300"><subfield code="a">1 v.</subfield></datafield><datafield ind1=" " ind2=" " tag="310"><subfield code="a">Weekly</subfield></datafield><datafield ind1="0" ind2=" " tag="362"><subfield code="a">Vol. 1, no. 1 (Aug. 27, 1886)-v. 1, no. 31 (Mar. 26, 1887).</subfield></datafield><datafield ind1=" " ind2=" " tag="500"><subfield code="a">Publishers: Grove &amp; Daniel, Oct. 22-Dec. 10, 1886; Daniel &amp; Graves, Dec. 17, 1886-Feb. 12, 1887; Graves &amp; Holland, Feb. 19-Mar. 26, 1887.</subfield></datafield><datafield ind1=" " ind2=" " tag="500"><subfield code="a">"Independent."</subfield></datafield><datafield ind1=" " ind2=" " tag="530"><subfield code="a">Available on microfilm from Micro Photo.</subfield></datafield><datafield ind1=" " ind2=" " tag="752"><subfield code="a">United States</subfield><subfield code="b">Kansas</subfield><subfield code="c">Comanche</subfield><subfield code="d">Protection.</subfield></datafield><datafield ind1="0" ind2="7" tag="785"><subfield code="t">Western Kansan</subfield><subfield code="w">(DLC)sn 83041191</subfield></datafield><datafield ind1="0" ind2="7" tag="785"><subfield code="t">Kansas weekly ledger</subfield><subfield code="w">(DLC)sn 83041189</subfield></datafield></record>